<record><leader>00000cas a22000007a 4500</leader><controlfield tag="001">11952681</controlfield><controlfield tag="008">850423d18571857njudn ne      0   a0eng d</controlfield><datafield ind1=" " ind2=" " tag="010"><subfield code="a">sn 85035598 </subfield></datafield><datafield ind1=" " ind2=" " tag="040"><subfield code="a">NPA</subfield><subfield code="b">eng</subfield><subfield code="c">NPA</subfield><subfield code="d">NPX</subfield><subfield code="d">OCLCQ</subfield><subfield code="d">DLC</subfield></datafield><datafield ind1="0" ind2=" " tag="022"><subfield code="a">2332-9270</subfield><subfield code="2">1</subfield></datafield><datafield ind1=" " ind2=" " tag="042"><subfield code="a">msc</subfield><subfield code="a">nsdp</subfield></datafield><datafield ind1="1" ind2="0" tag="050"><subfield code="a">ISSN RECORD</subfield></datafield><datafield ind1="1" ind2="0" tag="082"><subfield code="a">071</subfield><subfield code="2">23</subfield></datafield><datafield ind1=" " ind2="0" tag="222"><subfield code="a">New Jersey daily Republican</subfield></datafield><datafield ind1="0" ind2="0" tag="245"><subfield code="a">New Jersey daily Republican.</subfield></datafield><datafield ind1="1" ind2="3" tag="246"><subfield code="a">New Jersey Republican</subfield></datafield><datafield ind1=" " ind2=" " tag="260"><subfield code="a">Trenton, N.J. :</subfield><subfield code="b">Jacob L. Swayze,</subfield><subfield code="c">1857.</subfield></datafield><datafield ind1=" " ind2=" " tag="300"><subfield code="a">v. :</subfield><subfield code="b">ill. (chiefly adv.)</subfield></datafield><datafield ind1=" " ind2=" " tag="310"><subfield code="a">Daily (except Sun.)</subfield></datafield><datafield ind1="0" ind2=" " tag="362"><subfield code="a">Vol. 1, no. 276 (July 1, 1857)-v. 1, no. 288 (July 16, 1857).</subfield></datafield><datafield ind1=" " ind2=" " tag="500"><subfield code="a">"Daily" appears within title ornament.</subfield></datafield><datafield ind1=" " ind2=" " tag="530"><subfield code="a">Available on microfilm from Micro-Graphic Corp., Garfield, N.J.</subfield></datafield><datafield ind1=" " ind2=" " tag="580"><subfield code="a">Weekly ed.: New Jersey Republican (Trenton, N.J.).</subfield></datafield><datafield ind1=" " ind2=" " tag="752"><subfield code="a">United States</subfield><subfield code="b">New Jersey</subfield><subfield code="c">Mercer</subfield><subfield code="d">Trenton.</subfield></datafield><datafield ind1="1" ind2=" " tag="775"><subfield code="t">New Jersey Republican (Trenton, N.J.)</subfield></datafield><datafield ind1="0" ind2="0" tag="780"><subfield code="t">Daily Republican (Trenton, N.J. : 1856)</subfield><subfield code="x">2332-9289</subfield><subfield code="w">(DLC)sn 85035597</subfield><subfield code="w">(OCoLC)11952655</subfield></datafield><datafield ind1="0" ind2="7" tag="785"><subfield code="t">State gazette (Trenton, N.J. : 1840)</subfield><subfield code="x">2332-9335</subfield><subfield code="w">(DLC)sn 84020603</subfield><subfield code="w">(OCoLC)11219990</subfield></datafield><datafield ind1="0" ind2="7" tag="785"><subfield code="t">Daily State gazette and Republican</subfield><subfield code="x">2332-9262</subfield><subfield code="w">(DLC)sn 84020605</subfield><subfield code="w">(OCoLC)11220465</subfield></datafield></record>